% Encoding: windows-1252


% ==================================
% Motivation
% ==================================

@article{majumdar2017should,
  title={How Should a Robot Assess Risk? Towards an Axiomatic Theory of Risk in Robotics},
  author={Majumdar, Anirudha and Pavone, Marco},
  journal={arXiv preprint arXiv:1710.11040},
  year={2017}
}

@article{leike2017ai,
  title={AI Safety Gridworlds},
  author={Leike, Jan and Martic, Miljan and Krakovna, Victoria and Ortega, Pedro A and Everitt, Tom and Lefrancq, Andrew and Orseau, Laurent and Legg, Shane},
  journal={arXiv preprint arXiv:1711.09883},
  year={2017}
}

@article{amodei2016concrete,
  title={Concrete problems in AI safety},
  author={Amodei, Dario and Olah, Chris and Steinhardt, Jacob and Christiano, Paul and Schulman, John and Man{\'e}, Dan},
  journal={arXiv preprint arXiv:1606.06565},
  year={2016}
}

@article{shapiro2013kusuoka,
  title={On Kusuoka representation of law invariant risk measures},
  author={Shapiro, Alexander},
  journal={Mathematics of Operations Research},
  volume={38},
  number={1},
  pages={142--152},
  year={2013},
  publisher={INFORMS}
}

@article{silver2017mastering,
  title={Mastering the game of go without human knowledge},
  author={Silver, David and Schrittwieser, Julian and Simonyan, Karen and Antonoglou, Ioannis and Huang, Aja and Guez, Arthur and Hubert, Thomas and Baker, Lucas and Lai, Matthew and Bolton, Adrian and others},
  journal={Nature},
  volume={550},
  number={7676},
  pages={354},
  year={2017},
  publisher={Nature Publishing Group}
}

@article{basel2013fundamental,
  title={Fundamental review of the trading book: A revised market risk framework},
  author={Basel Committee and others},
  journal={Consultative Document, October},
  year={2013}
}


@article{mnih2015human,
  title={Human-level control through deep reinforcement learning},
  author={Mnih, Volodymyr and Kavukcuoglu, Koray and Silver, David and Rusu, Andrei A and Veness, Joel and Bellemare, Marc G and Graves, Alex and Riedmiller, Martin and Fidjeland, Andreas K and Ostrovski, Georg and others},
  journal={Nature},
  volume={518},
  number={7540},
  pages={529},
  year={2015},
  publisher={Nature Publishing Group}
}


@article{basel2013fundamental,
  title={Fundamental review of the trading book: A revised market risk framework},
  author={Basel Committee and others},
  journal={Consultative Document, October},
  year={2013}
}

@inproceedings{krizhevsky2012imagenet,
  title={Imagenet classification with deep convolutional neural networks},
  author={Krizhevsky, Alex and Sutskever, Ilya and Hinton, Geoffrey E},
  booktitle={Advances in neural information processing systems},
  pages={1097--1105},
  year={2012}
}

@article{bahdanau2014neural,
  title={Neural machine translation by jointly learning to align and translate},
  author={Bahdanau, Dzmitry and Cho, Kyunghyun and Bengio, Yoshua},
  journal={arXiv preprint arXiv:1409.0473},
  year={2014}
}

% ==================================
% Distributional RL
% ==================================

@article{bellemare2017distributional,
  title={A distributional perspective on reinforcement learning},
  author={Bellemare, Marc G and Dabney, Will and Munos, R{\'e}mi},
  journal={arXiv preprint arXiv:1707.06887},
  year={2017}
}

@article{dabney2017distributional,
  title={Distributional Reinforcement Learning with Quantile Regression},
  author={Dabney, Will and Rowland, Mark and Bellemare, Marc G and Munos, R{\'e}mi},
  journal={arXiv preprint arXiv:1710.10044},
  year={2017}
}

@article{morimura2012parametric,
  title={Parametric return density estimation for reinforcement learning},
  author={Morimura, Tetsuro and Sugiyama, Masashi and Kashima, Hisashi and Hachiya, Hirotaka and Tanaka, Toshiyuki},
  journal={arXiv preprint arXiv:1203.3497},
  year={2012}
}

@inproceedings{morimura2010nonparametric,
  title={Nonparametric return distribution approximation for reinforcement learning},
  author={Morimura, Tetsuro and Sugiyama, Masashi and Kashima, Hisashi and Hachiya, Hirotaka and Tanaka, Toshiyuki},
  booktitle={Proceedings of the 27th International Conference on Machine Learning (ICML-10)},
  pages={799--806},
  year={2010}
}

% ==================================
% CVaR
% ==================================

@inproceedings{chow2015risk,
  title={Risk-sensitive and robust decision-making: a CVaR optimization approach},
  author={Chow, Yinlam and Tamar, Aviv and Mannor, Shie and Pavone, Marco},
  booktitle={Advances in Neural Information Processing Systems},
  pages={1522--1530},
  year={2015}
}

@article{rockafellar2000optimization,
  title={Optimization of conditional value-at-risk},
  author={Rockafellar, R Tyrrell and Uryasev, Stanislav},
  journal={Journal of risk},
  volume={2},
  pages={21--42},
  year={2000}
}

@article{rockafellar2002conditional,
  title={Conditional value-at-risk for general loss distributions},
  author={Rockafellar, R Tyrrell and Uryasev, Stanislav},
  journal={Journal of banking \& finance},
  volume={26},
  number={7},
  pages={1443--1471},
  year={2002},
  publisher={Elsevier}
}

@article{bauerle2011markov,
  title={Markov decision processes with average-value-at-risk criteria},
  author={B{\"a}uerle, Nicole and Ott, Jonathan},
  journal={Mathematical Methods of Operations Research},
  volume={74},
  number={3},
  pages={361--379},
  year={2011},
  publisher={Springer}
}


% ==================================
% General Risk
% ==================================

% TODO: mean-variance, ...

@article{artzner1999coherent,
  title={Coherent measures of risk},
  author={Artzner, Philippe and Delbaen, Freddy and Eber, Jean-Marc and Heath, David},
  journal={Mathematical finance},
  volume={9},
  number={3},
  pages={203--228},
  year={1999},
  publisher={Wiley Online Library}
}


@article{garcia2015comprehensive,
  title={A comprehensive survey on safe reinforcement learning},
  author={Garc{\i}a, Javier and Fern{\'a}ndez, Fernando},
  journal={Journal of Machine Learning Research},
  volume={16},
  number={1},
  pages={1437--1480},
  year={2015}
}

@article{pflug2016time,
  title={Time-consistent decisions and temporal decomposition of coherent risk functionals},
  author={Pflug, Georg Ch and Pichler, Alois},
  journal={Mathematics of Operations Research},
  volume={41},
  number={2},
  pages={682--699},
  year={2016},
  publisher={INFORMS}
}

@inproceedings{tamar2015policy,
  title={Policy gradient for coherent risk measures},
  author={Tamar, Aviv and Chow, Yinlam and Ghavamzadeh, Mohammad and Mannor, Shie},
  booktitle={Advances in Neural Information Processing Systems},
  pages={1468--1476},
  year={2015}
}


% ==================================
% General RL
% ==================================

@book{sutton1998reinforcement,
  title={Reinforcement learning: An introduction},
  author={Sutton, Richard S and Barto, Andrew G},
  volume={1},
  number={1},
  year={1998},
  publisher={MIT press Cambridge}
}

@article{watkins1992q,
  title={Q-learning},
  author={Watkins, Christopher JCH and Dayan, Peter},
  journal={Machine learning},
  volume={8},
  number={3-4},
  pages={279--292},
  year={1992},
  publisher={Springer}
}

@article{bellman1957markovian,
  title={A Markovian decision process},
  author={Bellman, Richard},
  journal={Journal of Mathematics and Mechanics},
  pages={679--684},
  year={1957},
  publisher={JSTOR}
}

% ==================================
% Convergence
% ==================================

@article{tsitsiklis1994asynchronous,
  title={Asynchronous stochastic approximation and Q-learning},
  author={Tsitsiklis, John N},
  journal={Machine learning},
  volume={16},
  number={3},
  pages={185--202},
  year={1994},
  publisher={Springer}
}

% ==================================
% Theory
% ==================================

@book{boyd2004convex,
  title={Convex optimization},
  author={Boyd, Stephen and Vandenberghe, Lieven},
  year={2004},
  publisher={Cambridge university press}
}

@book{kreyszig1989introductory,
  title={Introductory functional analysis with applications},
  author={Kreyszig, Erwin},
  volume={1},
  year={1989},
  publisher={wiley New York}
}

@article{koenker2001quantile,
  title={Quantile regression},
  author={Koenker, Roger and Hallock, Kevin F},
  journal={Journal of economic perspectives},
  volume={15},
  number={4},
  pages={143--156},
  year={2001}
}


@Comment{jabref-meta: databaseType:bibtex;}
